<?xml version="1.0" encoding="UTF-8"?>
<collection xmlns:xsi="http://www.w3.org/2001/XMLSchema-instance" xsi:schemaLocation="http://www.loc.gov/MARC21/slim http://www.loc.gov/standards/marcxml/schema/MARC21slim.xsd" xmlns="http://www.loc.gov/MARC21/slim">
<record>
  <leader>00553cam a22002051  4500</leader>
  <controlfield tag="001">3121285</controlfield>
  <controlfield tag="003">NNC</controlfield>
  <controlfield tag="005">20130426022532.0</controlfield>
  <controlfield tag="008">011023s1931    sy            000 0 ara d</controlfield>
  <datafield tag="035" ind1=" " ind2=" ">
    <subfield code="a">(OCoLC)ocm48197287</subfield>
  </datafield>
  <datafield tag="035" ind1=" " ind2=" ">
    <subfield code="9">ATV3505CU</subfield>
  </datafield>
  <datafield tag="035" ind1=" " ind2=" ">
    <subfield code="a">(NNC)3121285</subfield>
  </datafield>
  <datafield tag="040" ind1=" " ind2=" ">
    <subfield code="a">ZCU</subfield>
    <subfield code="c">ZCU</subfield>
  </datafield>
  <datafield tag="099" ind1=" " ind2=" ">
    <subfield code="a">893.7Su9</subfield>
    <subfield code="a">O2</subfield>
  </datafield>
  <datafield tag="100" ind1="0" ind2=" ">
    <subfield code="a">Suyūṭī,</subfield>
    <subfield code="d">1445-1505.</subfield>
  </datafield>
  <datafield tag="245" ind1="1" ind2="3">
    <subfield code="a">Al-Āyā al-kubra fī sharḥ kiṣṣat al-asarā ...</subfield>
  </datafield>
  <datafield tag="260" ind1=" " ind2=" ">
    <subfield code="a">Damascus,</subfield>
    <subfield code="c">1350 A.H. [1931]</subfield>
  </datafield>
  <datafield tag="300" ind1=" " ind2=" ">
    <subfield code="a">48 p.</subfield>
    <subfield code="c">23 cm.</subfield>
  </datafield>
  <datafield tag="600" ind1="0" ind2="0">
    <subfield code="a">Muḥammad,</subfield>
    <subfield code="c">Prophet,</subfield>
    <subfield code="d">-632.</subfield>
  </datafield>
  <datafield tag="955" ind1=" " ind2=" ">
    <subfield code="b">CU58923780</subfield>
    <subfield code="d">off,glx</subfield>
    <subfield code="e">893.7Su9 O2</subfield>
  </datafield>
</record>
</collection>